<?xml version="1.0" encoding="UTF-8"?>
<collection xmlns:xsi="http://www.w3.org/2001/XMLSchema-instance" xsi:schemaLocation="http://www.loc.gov/MARC21/slim http://www.loc.gov/standards/marcxml/schema/MARC21slim.xsd" xmlns="http://www.loc.gov/MARC21/slim">
<record>
  <leader>01665cam a2200301M  4500</leader>
  <controlfield tag="001">3264154</controlfield>
  <controlfield tag="003">NNC</controlfield>
  <controlfield tag="005">20130426154350.0</controlfield>
  <controlfield tag="008">860723m19151936ua abch       000 0 arar </controlfield>
  <datafield tag="010" ind1=" " ind2=" ">
    <subfield code="a">   59054791 </subfield>
  </datafield>
  <datafield tag="035" ind1=" " ind2=" ">
    <subfield code="a">(OCoLC)ocm40186868</subfield>
  </datafield>
  <datafield tag="035" ind1=" " ind2=" ">
    <subfield code="9">AUP0233CU</subfield>
  </datafield>
  <datafield tag="035" ind1=" " ind2=" ">
    <subfield code="a">(NNC)3264154</subfield>
  </datafield>
  <datafield tag="040" ind1=" " ind2=" ">
    <subfield code="a">DLC</subfield>
    <subfield code="c">CUT</subfield>
    <subfield code="d">OCL</subfield>
    <subfield code="d">ZCU</subfield>
  </datafield>
  <datafield tag="043" ind1=" " ind2=" ">
    <subfield code="a">f-ua---</subfield>
    <subfield code="a">fl-----</subfield>
  </datafield>
  <datafield tag="050" ind1="0" ind2=" ">
    <subfield code="a">DT74</subfield>
    <subfield code="b">.S3</subfield>
  </datafield>
  <datafield tag="099" ind1=" " ind2=" ">
    <subfield code="a">962</subfield>
    <subfield code="a">Sa44</subfield>
  </datafield>
  <datafield tag="100" ind1="1" ind2=" ">
    <subfield code="a">Sāmī, Amīn,</subfield>
    <subfield code="d">-1941.</subfield>
  </datafield>
  <datafield tag="245" ind1="1" ind2="0">
    <subfield code="a">Taqwīm al-Nīl,</subfield>
    <subfield code="b">wa-asmāʾ man tawallū amr Miṣr wa-muddat ḥukmihim ʻalayhā wa-mulāḥaẓāt taʾrīkhīyah ʻan aḥwāl al-khilāfah al-ʻāmmah wa-shuʾūn Miṣr al-khāṣṣah ʻan al-muddah al-munḥaṣarah bayna al-sanah al-ulá wa-sanat 1333 al-Hijrīyah 622-1915 Mīlādīyah)</subfield>
    <subfield code="c">li-wāḍiʻihi Amīn Sāmī. Muqaddimat al-kitāb [wa-3 ajzāʾ]</subfield>
  </datafield>
  <datafield tag="260" ind1=" " ind2=" ">
    <subfield code="a">al-Qāhirah,</subfield>
    <subfield code="b">Maṭbaʻat al-Amīrīyah,</subfield>
    <subfield code="c">1334 [ḥaqīqatan 1333]-1355/1916 [ḥaqīqatan 1915]-1936 [1915-1936]</subfield>
  </datafield>
  <datafield tag="300" ind1=" " ind2=" ">
    <subfield code="a">4 v. in 6</subfield>
    <subfield code="b">illus., plates, ports., fold. col. maps, diagrs., facsims., tables.</subfield>
    <subfield code="c">32 cm.</subfield>
  </datafield>
  <datafield tag="500" ind1=" " ind2=" ">
    <subfield code="a">Vol. 2-3 have imprint: al-Qāhirah, Maṭbaʻah Dār al-Kutub al-Miṣrīyah.</subfield>
  </datafield>
  <datafield tag="500" ind1=" " ind2=" ">
    <subfield code="a">Accompanied by supplement: Mulḥaq taqwīm al-Nīl (6, 150 p. : ill., maps ; 32 cm.).</subfield>
  </datafield>
  <datafield tag="505" ind1="1" ind2=" ">
    <subfield code="a">[Juzʾ ghayr muraqqam] Muqaddimat al-kitāb. 1916 -- al-juzʾ 1. 622-1516. 1915 -- al-juzʾ 2. 1517-1848. 1932 -- al-juzʾ 3.: al-mujallad 1. 1848-1863. al-mujallad 2. 1863-1872. al-mujallad 3. 1873-1879. 1936.</subfield>
  </datafield>
  <datafield tag="651" ind1=" " ind2="0">
    <subfield code="a">Egypt</subfield>
    <subfield code="x">History</subfield>
    <subfield code="v">Chronology.</subfield>
  </datafield>
  <datafield tag="650" ind1=" " ind2="0">
    <subfield code="a">Stream measurements</subfield>
    <subfield code="z">Nile River.</subfield>
  </datafield>
  <datafield tag="740" ind1="0" ind2="2">
    <subfield code="a">Mulḥaq taqwīm al-Nīl.</subfield>
  </datafield>
  <datafield tag="955" ind1=" " ind2=" ">
    <subfield code="b">0061887560</subfield>
    <subfield code="d">glx</subfield>
    <subfield code="e">962 Sa44</subfield>
    <subfield code="v">v.3 no.2</subfield>
  </datafield>
</record>
</collection>